@inproceedings{alshuqayran2016systematic,
  title={A systematic mapping study in microservice architecture},
  author={Alshuqayran, Nuha and Ali, Nour and Evans, Roger},
  booktitle={2016 IEEE 9th International Conference on Service-Oriented Computing and Applications (SOCA)},
  pages={44--51},
  year={2016},
  organization={IEEE}
}

@article{dmitry2014micro,
  title={On micro-services architecture},
  author={Dmitry, Namiot and Manfred, Sneps-Sneppe},
  journal={International Journal of Open Information Technologies},
  volume={2},
  number={9},
  pages={24--27},
  year={2014},
  publisher={Лаборатория Открытых Информационных Технологий факультета ВМК МГУ им. МВ~…}
}
